<?xml version="1.0" encoding="UTF-8"?><record xmlns="http://www.loc.gov/MARC21/slim" xmlns:cinclude="http://apache.org/cocoon/include/1.0" xmlns:zs="http://www.loc.gov/zing/srw/">
  <leader>00863cz  a2200169n  4500</leader>
  <controlfield tag="001">n  87938345 </controlfield>
  <controlfield tag="003">DLC</controlfield>
  <controlfield tag="005">20010316071441.0</controlfield>
  <controlfield tag="008">870929nc acannaabn          |a aac      </controlfield>
  <datafield tag="010" ind1=" " ind2=" ">
    <subfield code="a">n  87938345 </subfield>
  </datafield>
  <datafield tag="035" ind1=" " ind2=" ">
    <subfield code="a">(OCoLC)oca01951053</subfield>
  </datafield>
  <datafield tag="040" ind1=" " ind2=" ">
    <subfield code="a">DLC</subfield>
    <subfield code="b">eng</subfield>
    <subfield code="c">DLC</subfield>
    <subfield code="d">DLC</subfield>
    <subfield code="d">OCoLC</subfield>
  </datafield>
  <datafield tag="100" ind1="1" ind2=" ">
    <subfield code="a">Guo, Hongtao,</subfield>
    <subfield code="d">1904-</subfield>
    <subfield code="t">Di hou kang Ri gen ju di di zheng zhi, jing ji, wen hua jian she.</subfield>
    <subfield code="l">Japanese</subfield>
  </datafield>
  <datafield tag="400" ind1="1" ind2=" ">
    <subfield code="a">Guo, Hongtao,</subfield>
    <subfield code="d">1904-</subfield>
    <subfield code="t">Di hou kang ri gen ju di di zheng zhi, jing ji, wen hua jian she</subfield>
  </datafield>
  <datafield tag="400" ind1="1" ind2=" ">
    <subfield code="a">Guo, Hongtao,</subfield>
    <subfield code="d">1904-</subfield>
    <subfield code="t">Tekigo kōnichi konkyochi no seiji keizai bunka no kensetsu</subfield>
  </datafield>
  <datafield tag="400" ind1="1" ind2=" ">
    <subfield code="w">nnea</subfield>
    <subfield code="a">Kuo, Hung-tʻao,</subfield>
    <subfield code="d">1904-</subfield>
    <subfield code="t">Ti hou kʻang Jih ken chü ti ti cheng chih, ching chi, wen hua chien she.</subfield>
    <subfield code="l">Japanese</subfield>
  </datafield>
  <datafield tag="670" ind1=" " ind2=" ">
    <subfield code="a">Himori, T. Chūgoku kakumei to Kyōsantō, 1942:</subfield>
    <subfield code="b">p. 4, etc. (Tekigo kōnichi konkyochi no seiji keizai bunka no kensetsu / Kaku Kōtō)</subfield>
  </datafield>
</record>